@article{wu2009analyzing,
  title={Analyzing diffraction gratings by a boundary integral equation Neumann-to-Dirichlet map method},
  author={Wu, Yumao and Lu, Ya Yan},
  journal={JOSA A},
  volume={26},
  number={11},
  pages={2444--2451},
  year={2009},
  publisher={Optica Publishing Group}
}

@article{lu2012high,
  title={High order integral equation method for diffraction gratings},
  author={Lu, Wangtao and Lu, Ya Yan},
  journal={JOSA A},
  volume={29},
  number={5},
  pages={734--740},
  year={2012},
  publisher={Optica Publishing Group}
}

@book{colton1998inverse,
  title={Inverse acoustic and electromagnetic scattering theory},
  author={Colton, David L and Kress, Rainer},
  volume={93},
  year={1998},
  publisher={Springer}
}

@article{wu2011boundary,
  title={Boundary integral equation Neumann-to-Dirichlet map method for gratings in conical diffraction},
  author={Wu, Yumao and Lu, Ya Yan},
  journal={JOSA A},
  volume={28},
  number={6},
  pages={1191--1196},
  year={2011},
  publisher={Optica Publishing Group}
}

@article{heavens1960optical,
  title={Optical properties of thin films},
  author={Heavens, OS},
  journal={Reports on Progress in Physics},
  volume={23},
  number={1},
  pages={1},
  year={1960},
  publisher={IOP Publishing}
}

@book{born2013principles,
  title={Principles of optics: electromagnetic theory of propagation, interference and diffraction of light},
  author={Born, Max and Wolf, Emil},
  year={2013},
  publisher={Elsevier}
}

@book{colton2013integral,
  title={Integral equation methods in scattering theory},
  author={Colton, David and Kress, Rainer},
  year={2013},
  publisher={SIAM}
}

@article{martensen1963methode,
author = {Erich Martensen},
title = {{Über eine Methode zum räumlichen Neumannschen Problem mit einer Anwendung für torusartige Berandungen}},
volume = {109},
journal = {Acta Mathematica},
number = {none},
publisher = {Institut Mittag-Leffler},
pages = {75 -- 135},
year = {1963},
doi = {10.1007/BF02391810},
URL = {https://doi.org/10.1007/BF02391810}
}


@article{kussmaul1969numerisches,
  title={Ein numerisches verfahren zur l{\"o}sung des neumannschen au{\ss}enraumproblems f{\"u}r die helmholtzsche schwingungsgleichung},
  author={Ku{\ss}maul, Rainer},
  journal={Computing},
  volume={4},
  number={3},
  pages={246--273},
  year={1969},
  publisher={Springer}
}

@article{li1993multilayer,
  title={Multilayer modal method for diffraction gratings of arbitrary profile, depth, and permittivity},
  author={Li, Lifeng},
  journal={JOSA A},
  volume={10},
  number={12},
  pages={2581--2591},
  year={1993},
  publisher={Optica Publishing Group}
}

@article{magath2005fast,
  title={Fast iterative, coupled-integral-equation technique for inhomogeneous profiled and periodic slabs},
  author={Magath, Thore and Serebryannikov, Andriy E},
  journal={JOSA A},
  volume={22},
  number={11},
  pages={2405--2418},
  year={2005},
  publisher={Optica Publishing Group}
}

@article{fan2003temporal,
  title={Temporal coupled-mode theory for the Fano resonance in optical resonators},
  author={Fan, Shanhui and Suh, Wonjoo and Joannopoulos, John D},
  journal={JOSA A},
  volume={20},
  number={3},
  pages={569--572},
  year={2003},
  publisher={Optica Publishing Group}
}

@article{hsu2016bound,
  title={Bound states in the continuum},
  author={Hsu, Chia Wei and Zhen, Bo and Stone, A Douglas and Joannopoulos, John D and Solja{\v{c}}i{\'c}, Marin},
  journal={Nature Reviews Materials},
  volume={1},
  number={9},
  pages={1--13},
  year={2016},
  publisher={Nature Publishing Group}
}

@article{joannopoulos2008molding,
  title={Molding the flow of light},
  author={Joannopoulos, John D and Johnson, Steven G and Winn, Joshua N and Meade, Robert D},
  journal={Princet. Univ. Press. Princeton, NJ [ua]},
  year={2008}
}

@article{greengard1987fast,
  title={A fast algorithm for particle simulations},
  author={Greengard, Leslie and Rokhlin, Vladimir},
  journal={Journal of computational physics},
  volume={73},
  number={2},
  pages={325--348},
  year={1987},
  publisher={Elsevier}
}

@article{saad1986gmres,
  title={GMRES: A generalized minimal residual algorithm for solving nonsymmetric linear systems},
  author={Saad, Youcef and Schultz, Martin H},
  journal={SIAM Journal on scientific and statistical computing},
  volume={7},
  number={3},
  pages={856--869},
  year={1986},
  publisher={SIAM}
}

@article{linton1998green,
  title={The Green's function for the two-dimensional Helmholtz equation in periodic domains},
  author={Linton, CM},
  journal={Journal of Engineering Mathematics},
  volume={33},
  pages={377--401},
  year={1998},
  publisher={Springer}
}

@book{monro2008super,
  title={A super-algebraically convergent, windowing-based approach to the evaluation of scattering from periodic rough surfaces},
  author={Monro Jr, John A},
  year={2008},
  publisher={California Institute of Technology}
}

@article{bruno2016superalgebraically,
  title={Superalgebraically convergent smoothly windowed lattice sums for doubly periodic Green functions in three-dimensional space},
  author={Bruno, Oscar P and Shipman, Stephen P and Turc, Catalin and Venakides, Stephanos},
  journal={Proceedings of the Royal Society A: Mathematical, Physical and Engineering Sciences},
  volume={472},
  number={2191},
  pages={20160255},
  year={2016},
  publisher={The Royal Society Publishing}
}

@article{barnett2011new,
  title={A new integral representation for quasi-periodic scattering problems in two dimensions},
  author={Barnett, Alex and Greengard, Leslie},
  journal={BIT Numerical mathematics},
  volume={51},
  pages={67--90},
  year={2011},
  publisher={Springer}
}

@article{gillman2013fast,
  title={A fast direct solver for quasi-periodic scattering problems},
  author={Gillman, Adrianna and Barnett, Alex},
  journal={Journal of Computational Physics},
  volume={248},
  pages={309--322},
  year={2013},
  publisher={Elsevier}
}

@article{bruno2016windowed,
  title={Windowed Green function method for layered-media scattering},
  author={Bruno, Oscar P and Lyon, Mark and P{\'e}rez-Arancibia, Carlos and Turc, Catalin},
  journal={SIAM Journal on Applied Mathematics},
  volume={76},
  number={5},
  pages={1871--1898},
  year={2016},
  publisher={SIAM}
}

@article{strauszer2023windowed,
  title={Windowed Green function method for wave scattering by periodic arrays of 2D obstacles},
  author={Strauszer-Caussade, Thomas and Faria, Luiz M and Fernandez-Lado, Agust{\'\i}n and P{\'e}rez-Arancibia, Carlos},
  journal={Studies in Applied Mathematics},
  volume={150},
  number={1},
  pages={277--315},
  year={2023},
  publisher={Wiley Online Library}
}